
@misc{opensource_what_is,
  author       = {OpenSource.com},
  title        = {What is Open Source?},
  year         = {2024},
  howpublished = {\url{https://opensource.com/resources/what-open-source}},
  note         = {Accessed: 2024-12-02}
}

@misc{Linus_Torvalds_quote_open_source,
  author = {Linus Torvalds},
  howpublished = {\url{https://www.brainyquote.com/quotes/linus_torvalds_135583}},
  title = {Linus Torvalds Quotes},
  year = {2024},
  note = {Accessed: 2024-12-02}
}

@misc{Open_Source_Initiative_OS_definition,
  author = {Open Source Initiative},
  howpublished = {\url{https://opensource.org/osd}},
  title = {The Open Source Definition},
  year = {2007},
  note = {Accessed: 2024-12-02}
}


@online{forbes_misconceptions_open_source_2024,
    author = {{Forbes Technology Council}},
    title = {Misconceptions About Open Source Solutions Clarified By Tech Experts},
    year = {2024},
    month = {October},
    day = {9},
    url = {https://www.forbes.com/councils/forbestechcouncil/2024/10/09/misconceptions-about-open-source-solutions-clarified-by-tech-experts/},
    note = {Accessed: 2024-12-04}
}

@book{opensource_hendrickson2012economic,
  title={Economic Impact of Open Source on Small Business: A Case Study},
  author={Hendrickson, M. and Magoulas, R. and O'Reilly, T.},
  isbn={9781449341411},
  url={https://www.oreilly.com/library/view/economic-impact-of/9781449343408/},
  year={2012},
  publisher={O'Reilly Media}
}

@online{studiolabs_open_source_startups_2024,
    author = {StudioLabs},
    title = {Open Source for Startups: Lower Costs, Higher Growth},
    year = {2024},
    url = {https://www.studiolabs.com/open-source-for-startups-lower-costs-higher-growth/},
    note = {Accessed: 2024-12-04}
}




